@Manual{R,
    title = {R: A Language and Environment for Statistical Computing},
    author = {{R Core Team}},
    organization = {R Foundation for Statistical Computing},
    address = {Vienna, Austria},
    year = {2020},
    url = {https://www.R-project.org/},
}
@Manual{PropCIs,
    title = {PropCIs: Various Confidence Interval Methods for Proportions},
    author = {Ralph Scherer},
    year = {2018},
    note = {R package version 0.3-0},
    url = {https://CRAN.R-project.org/package=PropCIs},
}
